% This file was created with JabRef 2.9.2.
% Encoding: Cp1252

@MANUAL{Beech_98,
  author = {Beech, William A. and Nielsen, Douglas E. and Taylor, Jack},
  title = {AX.25 Link Access Protocol for Amateur Packet Radio},
  year = {1998},
  organization = {Tucson Amateur Packet Radio Corporation},
  month = {July},
  owner = {tehSharkness},
  timestamp = {2013.11.21}
}

@INPROCEEDINGS{Binder_75,
  author = {Binder, R. and Abramson, N. and Kuo, F. and Okinaka, A. and Wax,
	D.},
  title = {AHOLA packet broadcasting - A retrospect},
  booktitle = {National Computer Conference},
  year = {1975},
  owner = {tehSharkness},
  timestamp = {2013.12.03}
}

@ELECTRONIC{Bishop_05,
  author = {Bishop, Don},
  title = {Who Invented Radio?},
  year = {2005},
  url = {http://home.earthlink.net/~drestinblack/who_invented_radio.htm},
  month = {November},
  owner = {tehSharkness},
  timestamp = {2013.11.24}
}

@ONLINE{Coughlan_12,
  author = {Coughlan, Sean},
  title = {Titanic: The final messages from a stricken ship},
  year = {2012},
  date = {2012-04-09},
  url = {http://www.bbc.co.uk/news/magazine-17631595},
  owner = {tehSharkness},
  timestamp = {2013.11.24}
}

@WWW{Finley_03,
  author = {Finley, Dave},
  editor = {NRAO},
  title = {Early Radio Astronomy: The Ham Radio Connection},
  year = {2003},
  date = {2003-03-27},
  url = {http://www.nrao.edu/whatisra/hist_ham.shtml},
  owner = {tehSharkness},
  timestamp = {2013.12.02}
}

@MASTERSTHESIS{Halliday_00,
  author = {Halliday, Laura},
  title = {Communications Infrastructure for the MOST Microsatellite Project},
  institution = {University of Toronto},
  year = {2000},
  owner = {tehSharkness},
  timestamp = {2013.11.21}
}

@UNPUBLISHED{Kantor_11,
  author = {Kantor, Brian},
  title = {A Brief Look at Internet Networking Over Amateur Radio},
  year = {2011},
  date = {2011-07},
  owner = {tehSharkness},
  timestamp = {2013.11.24}
}

@BOOK{Rawer_93,
  author = {Rawer, K.},
  title = {Wave propagation in the ionosphere},
  year = {1993},
  publisher = {Kluwer Academic Publishing},
  isbn = {0-7923-0775-5},
  owner = {tehSharkness},
  timestamp = {2013.12.02}
}

@ARTICLE{Schwartz_09,
  author = {Schwartz, M. and Abramson, N.},
  title = {The ALOHAnet - Surfing for Wireless Data},
  journaltitle = {IEEE Communications},
  year = {2009},
  date = {2009-12-11},
  subtitle = {History of Communications},
  volume = {47},
  issue = {12},
  owner = {tehSharkness},
  timestamp = {2013.12.03}
}

@REPORT{Titanic_12,
  author = {Smith, Senator William Alden and Rayner, Senator Isidor},
  title = {"Titanic" Disaster},
  institution = {Committee on Commerce United States Senate},
  year = {1912},
  number = {806},
  url = {http://www.titanicinquiry.org/USInq/USReport/AmInqRep01.php},
  owner = {tehSharkness},
  timestamp = {2013.11.24}
}

@INPROCEEDINGS{Stewart_27,
  author = {Stewart, Irvin},
  title = {The International Radiotelegraph Conference of Washington},
  booktitle = {The American Journal of International Law},
  year = {1928},
  date = {1928-01},
  eventdate = {1927-10-04/1927-11-25},
  volume = {22},
  number = {1},
  pages = {28-49},
  owner = {tehSharkness},
  timestamp = {2013.12.02}
}

@REFERENCE{ARRL_Chart,
  editor = {ARRL},
  title = {Frequency Bands Chart},
  year = {2012},
  date = {2012-4-12},
  url = {http://www.arrl.org/graphical-frequency-allocations},
  owner = {tehSharkness},
  timestamp = {2013.12.02}
}

@MANUAL{He-100_Manual,
  editor = {Astronautical Development, LLC},
  title = {AstroDev Helium Radios},
  year = {2012},
  date = {2012-04-05},
  owner = {tehSharkness},
  timestamp = {2013.12.07}
}

@ONLINE{Wiki_MSK,
  editor = {Wikipedia},
  title = {Minimum-Shit Keying},
  year = {2013},
  date = {2013-11-19},
  url = {https://en.wikipedia.org/wiki/Minimum-shift_keying},
  owner = {tehSharkness},
  timestamp = {2013.12.07}
}

@ONLINE{Wiki_Skywave,
  editor = {Wikipedia},
  title = {Skywave},
  year = {2013},
  date = {2013-10-16},
  url = {https://en.wikipedia.org/wiki/Skywave},
  owner = {tehSharkness},
  timestamp = {2013.12.02}
}

@REFERENCE{Radio_12,
  title = {Radio Act of 1912},
  owner = {tehSharkness},
  timestamp = {2013.11.24}
}

@WWW{RadioSatellites_06,
  title = {The Extraordinary History of Amateur Radio Satellites},
  year = {2006},
  url = {http://www.spacetoday.org/Satellites/Hamsats/HamsatsBasics.html},
  owner = {tehSharkness},
  timestamp = {2013.11.24}
}

@PERIODICAL{Sun_08,
  title = {Wireless Club at Columbia},
  year = {1908},
  date = {1908-11-25},
  volume = {LXXVL},
  number = {86},
  url = {http://chroniclingamerica.loc.gov/lccn/sn83030272/1908-11-25/ed-1/seq-2/},
  owner = {tehSharkness},
  timestamp = {2013.11.24}
}

